@inproceedings{kour2014real,
  title={Real-time segmentation of on-line handwritten arabic script},
  author={Kour, George and Saabne, Raid},
  booktitle={Frontiers in Handwriting Recognition (ICFHR), 2014 14th International Conference on},
  pages={417--422},
  year={2014},
  organization={IEEE}
}

@inproceedings{kour2014fast,
  title={Fast classification of handwritten on-line Arabic characters},
  author={Kour, George and Saabne, Raid},
  booktitle={Soft Computing and Pattern Recognition (SoCPaR), 2014 6th International Conference of},
  pages={312--318},
  year={2014},
  organization={IEEE},
  doi={10.1109/SOCPAR.2014.7008025}
}

@article{hadash2018estimate,
  title={Estimate and Replace: A Novel Approach to Integrating Deep Neural Networks with Existing Applications},
  author={Hadash, Guy and Kermany, Einat and Carmeli, Boaz and Lavi, Ofer and Kour, George and Jacovi, Alon},
  journal={arXiv preprint arXiv:1804.09028},
  year={2018}
}

@article{Granville,
  title={{Applying Reinforcement Learning to Blackjack Using Q-Learning}},
  author={Charles de Granville},
  year={2005},
  journal = {University of Oklahoma}
}

@book{228book,
    title = {{Algorithms for Decision Making}},
    author = {Kochenderfer, Mykel J. and Wheeler, Tim A. and Wray, Kyler H.},
    year = {2022},
    publisher = {MIT Press}
}

@misc{starship,
    title = {{YT-1300 light freighter}},
    publisher = {Fandom},
    year = {2023},
    note =  {[Online]. Available: https://starwars.fandom.com/wiki/YT-1300\_light\_freighter}
}

@misc{astromech,
    title = {{R2 series astromech droid}},
    publisher = {Fandom},
    year = {2023},
    note =  {[Online]. Available: https://starwars.fandom.com/wiki/R2\_series\_astromech\_droid}
}

@misc{rebels,
    title = {{Idiot's Array (episode)}},
    publisher = {Fandom},
    year = {2023},
    note =  {[Online]. Available: https://starwars.fandom.com/wiki/Idiot\%27s\_Array\_(episode)}
}

@misc{sabacc,
    title = {{Sabacc}},
    publisher = {Fandom},
    year = {2023},
    note =  {[Online]. Available: https://starwars.fandom.com/wiki/Sabacc}
}

@misc{spike,
    title = {{Corellian Spike}},
    publisher = {Fandom},
    year = {2023},
    note =  {[Online]. Available: https://starwars.fandom.com/wiki/Corellian\_Spike}
}

@misc{GNSS_intro,
    author = {UN},
    title = {{Global Navigation Satellite Systems (GNSS)}},
    year = {2023},
    note =  {[Online]. Available: https://www.unoosa.org/oosa/en/ourwork/psa/gnss/gnss.html}
}

@mastersthesis{RW_thesis,
    author={Sanghani, Parth R.},
    title = {A Reinforcement Learning Approach For UH Leduc Poker},
    year = {2021},
    school = {University of Houston},
    url = {https://uh-ir.tdl.org/bitstream/handle/10657/9323/SANGHANI-THESIS-2021.pdf?sequence=1}
}